<?xml version="1.0" encoding="UTF-8"?><record xmlns="http://www.loc.gov/MARC21/slim" xmlns:cinclude="http://apache.org/cocoon/include/1.0" xmlns:zs="http://www.loc.gov/zing/srw/">
  <leader>01157cz  a2200193n  4500</leader>
  <controlfield tag="001">n  88142624 </controlfield>
  <controlfield tag="003">DLC</controlfield>
  <controlfield tag="005">19951209063854.5</controlfield>
  <controlfield tag="008">880314n| acannaab|          |a ana     c</controlfield>
  <datafield tag="010" ind1=" " ind2=" ">
    <subfield code="a">n  88142624 </subfield>
  </datafield>
  <datafield tag="040" ind1=" " ind2=" ">
    <subfield code="a">MdU</subfield>
    <subfield code="c">DLC</subfield>
    <subfield code="d">DLC</subfield>
    <subfield code="d">NjP</subfield>
  </datafield>
  <datafield tag="110" ind1="2" ind2="0">
    <subfield code="a">International Council of Museums.</subfield>
    <subfield code="b">Committee for Education and Cultural Action</subfield>
  </datafield>
  <datafield tag="410" ind1="2" ind2="0">
    <subfield code="a">ICOM CECA</subfield>
  </datafield>
  <datafield tag="410" ind1="2" ind2="0">
    <subfield code="a">International Council of Museums.</subfield>
    <subfield code="b">Comité Internacional d'Educació i Acció Cultural</subfield>
  </datafield>
  <datafield tag="410" ind1="2" ind2="0">
    <subfield code="a">International Council of Museums.</subfield>
    <subfield code="b">Comté Internacional de Educación y Acción Cultural</subfield>
  </datafield>
  <datafield tag="410" ind1="2" ind2="0">
    <subfield code="a">CECA</subfield>
  </datafield>
  <datafield tag="670" ind1=" " ind2=" ">
    <subfield code="a">ICOM education, 1975/76:</subfield>
    <subfield code="b">cover (International Council of Museums, Committee for Education and Cultural Action; ICOM CECA)</subfield>
  </datafield>
  <datafield tag="670" ind1=" " ind2=" ">
    <subfield code="a">Conferència ICOM-CECA "La Investigació de l'Educador de Museus" (1985 : Barcelona, Spain). La investigació de l'educador de museus, 1988?:</subfield>
    <subfield code="b">t.p. (ICOM/CECA) p. 7 (Comité Internacional d'Educació i Acció Cultural de l'ICOM) p. 9 (Comité Internacional de Educación y Acción Cultural del ICOM)</subfield>
  </datafield>
  <datafield tag="670" ind1=" " ind2=" ">
    <subfield code="a">Establishing, maintaining, and developing museum educational services, 1991:</subfield>
    <subfield code="b">t.p. (CECA Annual Conference)</subfield>
  </datafield>
</record>